@misc{typescript-generator,
  author   = {VojtÄ›ch Habarta},
  url      = {https://github.com/vojtechhabarta/typescript-generator},
  note     = {Version 3.2.1263},
  title    = {typescript-generator},
  year     = {2023},
  language = {english}
}

@article{avoid-the-any-type-in-typescript,
  author   = {Andrew Crites},
  journal  = {Medium},
  month    = {3},
  title    = {Avoid the `any` Type in TypeScript},
  url      = {https://medium.com/@ExplosionPills/avoid-the-any-type-in-typescript-aba2496d1e6a},
  year     = {2024},
  language = {english}
}

@misc{cgi,
  url      = {https://www.cgi.com/fr},
  title    = {CGI},
  year     = {2024},
  language = {french}
}